@unpublished{TypeScript,
  author = {Microsoft},
  title = {Dokumentacja języka TypeScript},
  note = {\url{https://www.typescriptlang.org/docs/}}
}

@unpublished{DefinitelyTyped,
  author = {},
  title = {Dokumentacja biblioteki Definitely Typed},
  note = {\url{https://github.com/DefinitelyTyped/DefinitelyTyped}}
}

@unpublished{typescript_,
  author = {Microsoft},
  title = {Dokumentacja biblioteki typescript},
  note = {\url{https://github.com/Microsoft/TypeScript}}
}

@unpublished{React,
  author = {Jordan Walke},
  title = {Dokumentacja biblioteki React},
  note = {\url{https://pl.reactjs.org/}}
}

@unpublished{emotion,
  author = {},
  title = {Dokumentacja biblioteki emotion},
  note = {\url{https://github.com/emotion-js/emotion/tree/main}}
}

@unpublished{react_,
  author = {},
  title = {Repozytorium biblioteki React},
  note = {\url{https://github.com/facebook/react}}
}

@unpublished{CreateReactApp,
  author = {},
  title = {Repozytorium biblioteki Create React App},
  note = {\url{https://github.com/facebook/create-react-app}}
}

@unpublished{MaterialUI,
  author = {},
  title = {Dokumentacja biblioteki Material UI},
  note = {\url{https://mui.com/material-ui/getting-started/overview/}}
}
@unpublished{axios,
  author = {},
  title = {Dokumentacja biblioteki axios},
  note = {\url{https://axios-http.com/docs/intro}}
}

@unpublished{date-fns,
  author = {},
  title = {Dokumentacja biblioteki date-fns},
  note = {\url{https://date-fns.org/}}
}

@unpublished{react-code-blocks,
  author = {Raj K Singh},
  title = {Dokumentacja biblioteki react-code-blocks},
  note = {\url{https://github.com/rajinwonderland/react-code-blocks}}
}

@unpublished{Node.js,
  author = {},
  title = {Dokumentacja Node.js},
  note = {\url{https://nodejs.org/en/docs/}}
}

@unpublished{local-auth-node,
  author = {},
  title = {Dokumentacja biblioteki Google Local Auth: Node.js Client},
  note = {\url{https://github.com/googleapis/nodejs-local-auth}}
}

@unpublished{googleapis-forms,
  author = {},
  title = {Dokumentacja biblioteki Google APIs Node.js Client},
  note = {\url{https://github.com/googleapis/google-api-nodejs-client}}
}

@unpublished{excelfornode,
  author = {},
  title = {Dokumentacja biblioteki excel4node},
  note = {\url{https://github.com/advisr-io/excel4node}}
}

@unpublished{lowdb,
  author = {},
  title = {Dokumentacja biblioteki lowdb},
  note = {\url{https://github.com/typicode/lowdb}}
}

@unpublished{npm,
  author = {},
  title = {Dokumentacja npm},
  note = {\url{https://docs.npmjs.com/}}
}

@unpublished{vagrant,
  author = {},
  title = {Dokumentacja narzędzia Vagrant},
  note = {\url{https://www.vagrantup.com/docs}}
}

@unpublished{ansible,
  author = {},
  title = {Dokumentacja narzędzia Ansible},
  note = {\url{https://docs.ansible.com/}}
}

@unpublished{google-forms-api,
  author = {},
  title = {Dokumentacja Google Forms API},
  note = {\url{https://developers.google.com/forms/api}}
}

@unpublished{imgur-api,
  author = {},
  title = {Dokumentacja Imgur API},
  note = {\url{https://api.imgur.com/}}
}

@unpublished{python,
  author = {},
  title = {Dokumentacja języka Python},
  note = {\url{https://www.python.org/doc/}}
}

@unpublished{imgurpython,
  author = {},
  title = {Dokumentacja biblioteki imgurpython},
  note = {\url{https://github.com/Imgur/imgurpython}}
}

@unpublished{tex2pix,
  author = {Andy Buckley},
  title = {Dokumentacja biblioteki tex2pix},
  note = {\url{https://pypi.org/project/tex2pix/}}
}

@unpublished{pdf2image,
  author ={ Edouard Belval},
  title = {Dokumentacja biblioteki pdf2image},
  note = {\url{https://pypi.org/project/pdf2image/}}
}

@unpublished{opencv-python,
  author = {},
  title = {Dokumentacja biblioteki opencv-python},
  note = {\url{https://pypi.org/project/opencv-python/}}
}

@unpublished{poppler,
  author = {},
  title = {Dokumentacja narzędzia Poppler},
  note = {\url{https://github.com/freedesktop/poppler}}
}

@unpublished{latex,
  author = {},
  title = {Dokumentacja języka LaTeX},
  note = {\url{https://www.latex-project.org/help/documentation/}}
}

@unpublished{eslint,
  author = {},
  title = {Dokumentacja ESLint},
  note = {\url{https://eslint.org/docs/latest/}}
}
